<record><leader>     cam a22     2  4500</leader><controlfield tag="001">306285452</controlfield><controlfield tag="003">CHVBK</controlfield><controlfield tag="005">20131220204540.0</controlfield><controlfield tag="008">131209s1964    fr            00    fre|d</controlfield><datafield tag="019" ind1=" " ind2=" "><subfield code="a">MedeaB498: 0480107</subfield><subfield code="5">rekat</subfield></datafield><datafield tag="035" ind1=" " ind2=" "><subfield code="a">(IDSBB)004818531</subfield></datafield><datafield tag="035" ind1=" " ind2=" "><subfield code="a">(RERO)R232435060</subfield></datafield><datafield tag="035" ind1=" " ind2=" "><subfield code="a">(RERO)R006430669</subfield></datafield><datafield tag="035" ind1=" " ind2=" "><subfield code="a">(RERO)vtls002324350</subfield></datafield><datafield tag="040" ind1=" " ind2=" "><subfield code="a">RERO gevbpu</subfield><subfield code="d">SzZuIDS BS/BE B498</subfield></datafield><datafield tag="072" ind1=" " ind2="7"><subfield code="a">s1fr</subfield><subfield code="2">rero</subfield></datafield><datafield tag="072" ind1=" " ind2="7"><subfield code="a">s1zz</subfield><subfield code="2">rero</subfield></datafield><datafield tag="100" ind1="1" ind2=" "><subfield code="a">Rimbaud</subfield><subfield code="D">Arthur</subfield></datafield><datafield tag="245" ind1="1" ind2="0"><subfield code="a">Oeuvres poétiques</subfield><subfield code="c">Arthur Rimbaud ; chronologie et préf. par Michel Décaudin</subfield></datafield><datafield tag="260" ind1=" " ind2=" "><subfield code="a">Paris</subfield><subfield code="b">Garnier-Flammarion</subfield><subfield code="c">1964</subfield></datafield><datafield tag="300" ind1=" " ind2=" "><subfield code="a">184 p</subfield><subfield code="c">18 cm</subfield></datafield><datafield tag="490" ind1="1" ind2=" "><subfield code="a">GF Texte intégral</subfield><subfield code="v">20</subfield><subfield code="i">20</subfield><subfield code="w">(IDSBB)000596221</subfield><subfield code="9">294625801</subfield></datafield><datafield tag="830" ind1=" " ind2="0"><subfield code="a">GF Texte intégral</subfield><subfield code="v">20</subfield></datafield><datafield tag="909" ind1=" " ind2="7"><subfield code="f">medeab498</subfield><subfield code="2">idsbb B</subfield></datafield><datafield tag="950" ind1=" " ind2=" "><subfield code="B">IDSBB</subfield><subfield code="P">100</subfield><subfield code="E">1-</subfield><subfield code="a">Rimbaud</subfield><subfield code="D">Arthur</subfield></datafield><datafield tag="950" ind1=" " ind2=" "><subfield code="B">IDSBB</subfield><subfield code="P">490</subfield><subfield code="E">--</subfield><subfield code="a">GF Texte intégral</subfield><subfield code="v">20</subfield><subfield code="i">20</subfield><subfield code="w">(IDSBB)000596221</subfield></datafield><datafield tag="950" ind1=" " ind2=" "><subfield code="B">RERO</subfield><subfield code="P">490</subfield><subfield code="E">1-</subfield><subfield code="a">GF Texte intégral</subfield><subfield code="v">20</subfield></datafield><datafield tag="950" ind1=" " ind2=" "><subfield code="B">RERO</subfield><subfield code="P">700</subfield><subfield code="E">1-</subfield><subfield code="a">Décaudin</subfield><subfield code="D">Michel</subfield></datafield><datafield tag="950" ind1=" " ind2=" "><subfield code="B">RERO</subfield><subfield code="P">830</subfield><subfield code="E">--</subfield><subfield code="a">GF Texte intégral</subfield><subfield code="v">20</subfield></datafield><datafield tag="950" ind1=" " ind2=" "><subfield code="B">RERO</subfield><subfield code="P">100</subfield><subfield code="E">1-</subfield><subfield code="a">Rimbaud</subfield><subfield code="D">Arthur</subfield></datafield><datafield tag="986" ind1=" " ind2=" "><subfield code="a">SWISSBIB</subfield><subfield code="b">24664432X</subfield></datafield><datafield tag="898" ind1=" " ind2=" "><subfield code="a">BK020000</subfield><subfield code="b">BK020000</subfield></datafield><datafield tag="949" ind1=" " ind2=" "><subfield code="B">RERO</subfield><subfield code="E">R232435060</subfield><subfield code="F">RE31007</subfield><subfield code="b">RE31007</subfield><subfield code="c">RE310070006</subfield><subfield code="j">LOV 841 RIM</subfield><subfield code="p">1055009948</subfield></datafield><datafield tag="949" ind1=" " ind2=" "><subfield code="B">RERO</subfield><subfield code="E">R232435060</subfield><subfield code="F">RE31051</subfield><subfield code="b">RE31051</subfield><subfield code="c">RE310510017</subfield><subfield code="j">BMDA 808.1 RIM</subfield><subfield code="p">70033271</subfield></datafield><datafield tag="949" ind1=" " ind2=" "><subfield code="B">RERO</subfield><subfield code="E">R232435060</subfield><subfield code="F">RE61001</subfield><subfield code="b">RE61001</subfield><subfield code="c">RE610010030</subfield><subfield code="j">BGE Hf 8857</subfield><subfield code="p">1061109874</subfield></datafield><datafield tag="949" ind1=" " ind2=" "><subfield code="B">RERO</subfield><subfield code="E">R006430669</subfield><subfield code="F">RE11033</subfield><subfield code="b">RE11033</subfield><subfield code="c">RE110330000</subfield><subfield code="j">840&#34;18&#34; RIM 2 OEU226</subfield><subfield code="p">BA033539</subfield><subfield code="4">2750</subfield></datafield></record>
